@book{knuth2001art,
  title={The Art of Computer Programming: Fundamental Algorithms},
  author={Knuth, D.E.},
  number={v. 1},
  isbn={9780201896831},
  series={The Art of Computer Programming: Fundamental Algorithms},
  year={2001},
  publisher={Addison-Wesley}
}
@inproceedings{welte2000netfilter,
	title={The netfilter framework in Linux 2.4},
	author={Welte, Harald},
	booktitle={Proceedings of Linux Kongress},
	year={2000}
}
@book{zwicky2000building,
	title={Building Internet Firewalls: Internet and Web Security},
	author={Zwicky, Elizabeth D and Cooper, Simon and Chapman, D Brent},
	year={2000},
	publisher={" O'Reilly Media, Inc."}
}
@article{idika2007survey,
	title={A survey of malware detection techniques},
	author={Idika, Nwokedi and Mathur, Aditya P},
	journal={Purdue University},
	volume={48},
	year={2007}
}
@article{attackingmalcode,
	author = {McGraw, Gary and Morrisett, Greg},
	year = {2000},
	month = {10},
	pages = {33 - 41},
	title = {Attacking Malicious Code: A Report to the Infosec Research Council},
	volume = {17},
	booktitle = {Software, IEEE}
}
@article{islam2018smb,
	title={SMB Exploited: WannaCry Use of" EternalBlue},
	author={Islam, A and Oppenheim, N and Thomas, W},
	journal={Threat Reserach Blog},
	year={2018}
}
@book{o2012ransomware,
	title={Ransomware: A growing menace},
	author={O'Gorman, Gavin and McDonald, Geoff},
	year={2012},
	publisher={Symantec Corporation}
}
@article{grossman2017check,
	title={Check Point Research},
	author={Grossman, Nadav},
	journal={EternalBlue--Everything There Is To Know},
	year={2017}
}
@article{wiki10ethernet,
	title={Ethernet capture setup.[Online] Available at: http://wiki. wireshark. org},
	author={Wiki, Wireshark},
	journal={FrontPage [Accessed: 10.09. 2012.]}
}
@article{khalife2013performance,
	title={Performance of OpenDPI in identifying sampled network traffic},
	author={Khalife, Jawad and Hajjar, Amjad and D{\'\i}az-Verdejo, Jes{\'u}s},
	journal={Journal of Networks},
	volume={8},
	number={1},
	pages={71},
	year={2013},
	publisher={Academy Publisher}
}
@inproceedings{deri2014ndpi,
	title={ndpi: Open-source high-speed deep packet inspection},
	author={Deri, Luca and Martinelli, Maurizio and Bujlow, Tomasz and Cardigliano, Alfredo},
	booktitle={Wireless Communications and Mobile Computing Conference (IWCMC), 2014 International},
	pages={617--622},
	year={2014},
	organization={IEEE}
}